@misc{fifa-dataset,
  author = {Karan Gadiya},
  title = {{FIFA 19} complete player dataset},
  year = {2018},
  month = {XI},
  howpublished= {DostÄ™p zdalny 02.11.2020, URL: \url{http://www.kaggle.com/karangadiya/fifa19}}
} 